@article{unc-utah_namic,
    author = "Audrey R. Verde",
    title = "{UNC-Utah NA-NAMIC} framework for DTI fiber tract  analysis",
    journal = "Frontiers in Neuroinformatics",
    volume = "7",
    number = "51",
    year = "2014",
    month = "January"
}
 
@book{latexcompanion,
    author    = "Michel Goossens and Frank Mittelbach and Alexander Samarin",
    title     = "The \LaTeX\ Companion",
    year      = "1993",
    publisher = "Addison-Wesley",
    address   = "Reading, Massachusetts"
}
 
@misc{knuthwebsite,
    author    = "Donald Knuth",
    title     = "Knuth: Computers and Typesetting",
    url       = "http://www-cs-faculty.stanford.edu/\~{}uno/abcde.html"
}